@article{DBLP:journals/algorithmica/ChenLLW16,
  author    = {Danny Z. Chen and
               Jian Li and
               Hongyu Liang and
               Haitao Wang},
  title     = {Matroid and Knapsack Center Problems},
  journal   = {Algorithmica},
  volume    = {75},
  number    = {1},
  pages     = {27--52},
  year      = {2016},
  url       = {https://doi.org/10.1007/s00453-015-0010-1},
  doi       = {10.1007/s00453-015-0010-1},
  timestamp = {Sat, 06 Jan 2018 15:48:31 +0100},
  biburl    = {https://dblp.org/rec/journals/algorithmica/ChenLLW16.bib},
  bibsource = {dblp computer science bibliography, https://dblp.org}
}


@article{DBLP:journals/cacm/MurrayMIIBA16,
  author    = {Derek Gordon Murray and
               Frank McSherry and
               Michael Isard and
               Rebecca Isaacs and
               Paul Barham and
               Mart{\'{\i}}n Abadi},
  title     = {Incremental, iterative data processing with timely dataflow},
  journal   = {Commun. {ACM}},
  volume    = {59},
  number    = {10},
  pages     = {75--83},
  year      = {2016},
  url       = {https://doi.org/10.1145/2983551},
  doi       = {10.1145/2983551},
  timestamp = {Tue, 06 Nov 2018 12:51:39 +0100},
  biburl    = {https://dblp.org/rec/journals/cacm/MurrayMIIBA16.bib},
  bibsource = {dblp computer science bibliography, https://dblp.org}
}


@inproceedings{DBLP:conf/emnlp/PenningtonSM14,
  author    = {Jeffrey Pennington and
               Richard Socher and
               Christopher D. Manning},
  editor    = {Alessandro Moschitti and
               Bo Pang and
               Walter Daelemans},
  title     = {Glove: Global Vectors for Word Representation},
  booktitle = {Proceedings of the 2014 Conference on Empirical Methods in Natural
               Language Processing, {EMNLP} 2014, October 25-29, 2014, Doha, Qatar,
               {A} meeting of SIGDAT, a Special Interest Group of the {ACL}},
  pages     = {1532--1543},
  publisher = {{ACL}},
  year      = {2014},
  url       = {https://doi.org/10.3115/v1/d14-1162},
  doi       = {10.3115/v1/d14-1162},
  timestamp = {Fri, 06 Aug 2021 00:40:40 +0200},
  biburl    = {https://dblp.org/rec/conf/emnlp/PenningtonSM14.bib},
  bibsource = {dblp computer science bibliography, https://dblp.org}
}


